%% This BibTeX bibliography file was created using BibDesk.
%% http://bibdesk.sourceforge.net/


%% Created for Meilei Jiang at 2016-04-12 03:24:20 -0400 


%% Saved with string encoding Unicode (UTF-8) 



@article{kolar2012estimating,
	Author = {Kolar, Mladen and Xing, Eric P},
	Date-Added = {2016-04-12 05:23:03 +0000},
	Date-Modified = {2016-04-12 05:23:03 +0000},
	Journal = {Electronic journal of statistics},
	Pages = {2069},
	Publisher = {NIH Public Access},
	Title = {Estimating networks with jumps},
	Volume = {6},
	Year = {2012}}

@inproceedings{kolar2009sparsistent,
	Author = {Kolar, Mladen and Song, Le and Xing, Eric P},
	Booktitle = {Advances in Neural Information Processing Systems},
	Date-Added = {2016-04-12 04:40:28 +0000},
	Date-Modified = {2016-04-12 04:40:28 +0000},
	Pages = {1006--1014},
	Title = {Sparsistent learning of varying-coefficient models with structural changes},
	Year = {2009}}

@article{kolar2010estimating,
	Author = {Kolar, Mladen and Song, Le and Ahmed, Amr and Xing, Eric P},
	Date-Added = {2016-04-12 03:17:33 +0000},
	Date-Modified = {2016-04-12 03:17:33 +0000},
	Journal = {The Annals of Applied Statistics},
	Pages = {94--123},
	Publisher = {JSTOR},
	Title = {Estimating time-varying networks},
	Year = {2010}}

@article{candes2007dantzig,
	Author = {Candes, Emmanuel and Tao, Terence},
	Date-Added = {2016-04-12 01:50:33 +0000},
	Date-Modified = {2016-04-12 01:50:33 +0000},
	Journal = {The Annals of Statistics},
	Pages = {2313--2351},
	Publisher = {JSTOR},
	Title = {The Dantzig selector: statistical estimation when p is much larger than n},
	Year = {2007}}

@article{guo2011joint,
	Author = {Guo, Jian and Levina, Elizaveta and Michailidis, George and Zhu, Ji},
	Date-Added = {2016-04-12 01:18:33 +0000},
	Date-Modified = {2016-04-12 01:18:33 +0000},
	Journal = {Biometrika},
	Pages = {asq060},
	Publisher = {Biometrika Trust},
	Title = {Joint estimation of multiple graphical models},
	Year = {2011}}

@article{lee2015joint,
	Author = {Lee, Wonyul and Liu, Yufeng},
	Date-Added = {2016-04-11 17:36:44 +0000},
	Date-Modified = {2016-04-11 17:36:44 +0000},
	Journal = {Journal of Machine Learning Research},
	Pages = {1035--1062},
	Title = {Joint Estimation of Multiple Precision Matrices with Common Structures},
	Volume = {16},
	Year = {2015}}

@article{rothman2008sparse,
	Author = {Rothman, Adam J and Bickel, Peter J and Levina, Elizaveta and Zhu, Ji and others},
	Date-Added = {2016-04-11 17:15:29 +0000},
	Date-Modified = {2016-04-11 17:15:29 +0000},
	Journal = {Electronic Journal of Statistics},
	Pages = {494--515},
	Publisher = {Institute of Mathematical Statistics},
	Title = {Sparse permutation invariant covariance estimation},
	Volume = {2},
	Year = {2008}}

@article{kim2009ell_1,
	Author = {Kim, Seung-Jean and Koh, Kwangmoo and Boyd, Stephen and Gorinevsky, Dimitry},
	Date-Added = {2016-04-11 06:03:13 +0000},
	Date-Modified = {2016-04-11 16:18:45 +0000},
	Journal = {SIAM review},
	Number = {2},
	Pages = {339--360},
	Publisher = {SIAM},
	Title = {$\ell_1$ Trend Filtering},
	Volume = {51},
	Year = {2009}}

@article{tibshirani2014adaptive,
	Author = {Tibshirani, Ryan J and others},
	Date-Added = {2016-04-11 06:00:40 +0000},
	Date-Modified = {2016-04-11 06:00:40 +0000},
	Journal = {The Annals of Statistics},
	Number = {1},
	Pages = {285--323},
	Publisher = {Institute of Mathematical Statistics},
	Title = {Adaptive piecewise polynomial estimation via trend filtering},
	Volume = {42},
	Year = {2014}}

@article{banerjee2008model,
	Author = {Banerjee, Onureena and El Ghaoui, Laurent and d'Aspremont, Alexandre},
	Date-Added = {2016-04-09 21:59:05 +0000},
	Date-Modified = {2016-04-09 21:59:05 +0000},
	Journal = {Journal of Machine Learning Research},
	Pages = {485--516},
	Title = {Model Selection Through Sparse Maximum Likelihood Estimation for Multivariate Gaussian or Binary Data},
	Volume = {9},
	Year = {2008}}

@article{lam2009sparsistency,
	Author = {Lam, Clifford and Fan, Jianqing and others},
	Date-Added = {2016-04-09 21:53:04 +0000},
	Date-Modified = {2016-04-09 21:53:04 +0000},
	Journal = {The Annals of Statistics},
	Number = {6B},
	Pages = {4254--4278},
	Publisher = {Institute of Mathematical Statistics},
	Title = {Sparsistency and rates of convergence in large covariance matrix estimation},
	Volume = {37},
	Year = {2009}}

@article{cai2016estimating,
	Author = {Cai, T. Tony and Liu, Weidong and Zhou, Harrison H.},
	Date-Modified = {2016-04-12 02:35:37 +0000},
	Doi = {10.1214/13-AOS1171},
	Fjournal = {The Annals of Statistics},
	Journal = {The Annals of Statistics},
	Month = {04},
	Number = {2},
	Pages = {455--488},
	Publisher = {The Institute of Mathematical Statistics},
	Title = {Estimating sparse precision matrix: Optimal rates of convergence and adaptive estimation},
	Url = {http://dx.doi.org/10.1214/13-AOS1171},
	Volume = {44},
	Year = {2016},
	Bdsk-Url-1 = {http://dx.doi.org/10.1214/13-AOS1171}}

@article{yuan2007model,
	Author = {Yuan, Ming and Lin, Yi},
	Date-Added = {2016-04-09 06:02:10 +0000},
	Date-Modified = {2016-04-09 06:02:10 +0000},
	Journal = {Biometrika},
	Number = {1},
	Pages = {19--35},
	Publisher = {Biometrika Trust},
	Title = {Model selection and estimation in the Gaussian graphical model},
	Volume = {94},
	Year = {2007}}

@article{yuan2010high,
	Author = {Yuan, Ming},
	Date-Added = {2016-04-09 06:02:10 +0000},
	Date-Modified = {2016-04-09 06:02:10 +0000},
	Journal = {The Journal of Machine Learning Research},
	Pages = {2261--2286},
	Publisher = {JMLR. org},
	Title = {High dimensional inverse covariance matrix estimation via linear programming},
	Volume = {11},
	Year = {2010}}

@article{arnold2015efficient,
	Author = {Arnold, Taylor B and Tibshirani, Ryan J},
	Date-Added = {2016-03-16 21:04:32 +0000},
	Date-Modified = {2016-03-16 21:04:32 +0000},
	Journal = {Journal of Computational and Graphical Statistics},
	Number = {just-accepted},
	Publisher = {Taylor \&amp; Francis},
	Title = {Efficient implementations of the generalized lasso dual path algorithm},
	Year = {2015}}

@article{tibshirani2011solution,
	Author = {Tibshirani, Ryan J and Taylor, Jonathan},
	Date-Added = {2016-03-16 20:31:43 +0000},
	Date-Modified = {2016-03-16 20:31:43 +0000},
	Journal = {The Annals of Statistics},
	Pages = {1335--1371},
	Publisher = {JSTOR},
	Title = {THE SOLUTION PATH OF THE GENERALIZED LASSO},
	Year = {2011}}

@article{huang2004polynomial,
	Author = {Huang, Jianhua Z and Wu, Colin O and Zhou, Lan},
	Date-Added = {2016-03-16 20:02:59 +0000},
	Date-Modified = {2016-03-16 20:02:59 +0000},
	Journal = {Statistica Sinica},
	Pages = {763--788},
	Publisher = {JSTOR},
	Title = {Polynomial spline estimation and inference for varying coefficient models with longitudinal data},
	Year = {2004}}

@article{kolar2014graph,
	Author = {Kolar, Mladen and Liu, Han and Xing, Eric P},
	Date-Added = {2016-02-28 17:16:03 +0000},
	Date-Modified = {2016-02-28 17:16:03 +0000},
	Journal = {The Journal of Machine Learning Research},
	Number = {1},
	Pages = {1713--1750},
	Publisher = {JMLR. org},
	Title = {Graph estimation from multi-attribute data},
	Volume = {15},
	Year = {2014}}

@article{peng2012partial,
	Author = {Peng, Jie and Wang, Pei and Zhou, Nengfeng and Zhu, Ji},
	Date-Added = {2016-02-28 17:09:33 +0000},
	Date-Modified = {2016-02-28 17:09:33 +0000},
	Journal = {Journal of the American Statistical Association},
	Publisher = {Taylor \&amp; Francis},
	Title = {Partial correlation estimation by joint sparse regression models},
	Year = {2012}}

@article{huang2002varying,
	Author = {Huang, Jianhua Z and Wu, Colin O and Zhou, Lan},
	Date-Added = {2016-02-26 01:06:30 +0000},
	Date-Modified = {2016-02-26 01:06:30 +0000},
	Journal = {Biometrika},
	Number = {1},
	Pages = {111--128},
	Publisher = {Biometrika Trust},
	Title = {Varying-coefficient models and basis function approximations for the analysis of repeated measurements},
	Volume = {89},
	Year = {2002}}

@article{qiaofunctional,
	Author = {Qiao, Xinghao and James, Gareth and Lv, Jinchi},
	Date-Added = {2016-02-25 20:14:29 +0000},
	Date-Modified = {2016-04-11 17:15:53 +0000},
	Title = {Functional Graphical Models},
	Year = {2015}}

@article{james2009functional,
	Author = {James, Gareth M and Wang, Jing and Zhu, Ji},
	Date-Added = {2016-02-25 19:02:42 +0000},
	Date-Modified = {2016-02-25 19:02:42 +0000},
	Journal = {The Annals of Statistics},
	Pages = {2083--2108},
	Publisher = {JSTOR},
	Title = {Functional linear regression that's interpretable},
	Year = {2009}}

@article{cai2011constrained,
	Author = {Cai, Tony and Liu, Weidong and Luo, Xi},
	Date-Added = {2016-02-16 02:06:05 +0000},
	Date-Modified = {2016-04-11 16:17:57 +0000},
	Journal = {Journal of the American Statistical Association},
	Number = {494},
	Pages = {594--607},
	Publisher = {Taylor \&amp; Francis},
	Title = {A constrained $\ell_1$ minimization approach to sparse precision matrix estimation},
	Volume = {106},
	Year = {2011}}

@article{tibshirani1996regression,
	Author = {Tibshirani, Robert},
	Date-Added = {2016-02-15 02:26:54 +0000},
	Date-Modified = {2016-02-15 02:26:54 +0000},
	Journal = {Journal of the Royal Statistical Society. Series B (Methodological)},
	Pages = {267--288},
	Publisher = {JSTOR},
	Title = {Regression shrinkage and selection via the lasso},
	Year = {1996}}

@article{fan2009network,
	Author = {Fan, Jianqing and Feng, Yang and Wu, Yichao},
	Date-Added = {2016-02-14 22:53:29 +0000},
	Date-Modified = {2016-02-14 22:53:29 +0000},
	Journal = {The annals of applied statistics},
	Number = {2},
	Pages = {521},
	Publisher = {NIH Public Access},
	Title = {Network exploration via the adaptive LASSO and SCAD penalties},
	Volume = {3},
	Year = {2009}}

@book{lauritzen1996graphical,
	Author = {Lauritzen, Steffen L},
	Date-Added = {2016-02-14 22:40:53 +0000},
	Date-Modified = {2016-02-14 22:40:53 +0000},
	Publisher = {Clarendon Press},
	Title = {Graphical models},
	Year = {1996}}

@article{meinshausen2006high,
	Author = {Meinshausen, Nicolai and B{\"u}hlmann, Peter},
	Date-Added = {2016-02-14 21:15:51 +0000},
	Date-Modified = {2016-02-14 21:15:51 +0000},
	Journal = {The annals of statistics},
	Pages = {1436--1462},
	Publisher = {JSTOR},
	Title = {High-dimensional graphs and variable selection with the lasso},
	Year = {2006}}

@article{danaher2014joint,
	Author = {Danaher, Patrick and Wang, Pei and Witten, Daniela M},
	Date-Added = {2016-02-14 20:37:33 +0000},
	Date-Modified = {2016-02-14 20:37:33 +0000},
	Journal = {Journal of the Royal Statistical Society: Series B (Statistical Methodology)},
	Number = {2},
	Pages = {373--397},
	Publisher = {Wiley Online Library},
	Title = {The joint graphical lasso for inverse covariance estimation across multiple classes},
	Volume = {76},
	Year = {2014}}

@article{friedman2008sparse,
	Author = {Friedman, Jerome and Hastie, Trevor and Tibshirani, Robert},
	Date-Added = {2016-02-14 20:04:09 +0000},
	Date-Modified = {2016-02-14 20:04:09 +0000},
	Journal = {Biostatistics},
	Number = {3},
	Pages = {432--441},
	Publisher = {Biometrika Trust},
	Title = {Sparse inverse covariance estimation with the graphical lasso},
	Volume = {9},
	Year = {2008}}

@article{lu2015post,
	Author = {Lu, Junwei and Kolar, Mladen and Liu, Han},
	Date-Added = {2016-02-14 19:58:57 +0000},
	Date-Modified = {2016-02-14 19:58:57 +0000},
	Journal = {arXiv preprint arXiv:1512.08298},
	Title = {Post-regularization Inference for Dynamic Nonparanormal Graphical Models},
	Year = {2015}}

@article{kolar2011time,
	Author = {Kolar, Mladen and Xing, Eric P},
	Date-Added = {2016-02-14 19:57:22 +0000},
	Date-Modified = {2016-04-12 05:06:20 +0000},
	Journal = {Journal of Machine Learning Research},
	Pages = {407-415},
	Title = {On time varying undirected graphs},
	Volume = {15},
	Year = {2011}}

@article{zhou2010time,
	Author = {Zhou, Shuheng and Lafferty, John and Wasserman, Larry},
	Date-Added = {2016-02-14 19:52:43 +0000},
	Date-Modified = {2016-02-14 19:52:43 +0000},
	Journal = {Machine Learning},
	Number = {2-3},
	Pages = {295--319},
	Publisher = {Springer},
	Title = {Time varying undirected graphs},
	Volume = {80},
	Year = {2010}}

@article{fan2008statistical,
	Author = {Fan, Jianqing and Zhang, Wenyang},
	Date-Added = {2016-02-14 19:35:11 +0000},
	Date-Modified = {2016-02-14 19:35:11 +0000},
	Journal = {Statistics and its Interface},
	Number = {1},
	Pages = {179},
	Publisher = {NIH Public Access},
	Title = {Statistical methods with varying coefficient models},
	Volume = {1},
	Year = {2008}}

@article{fan1999statistical,
	Author = {Fan, Jianqing and Zhang, Wenyang},
	Date-Added = {2016-02-14 19:34:21 +0000},
	Date-Modified = {2016-02-14 19:34:21 +0000},
	Journal = {Annals of Statistics},
	Pages = {1491--1518},
	Publisher = {JSTOR},
	Title = {Statistical estimation in varying coefficient models},
	Year = {1999}}

@article{hastie1993varying,
	Author = {Hastie, Trevor and Tibshirani, Robert},
	Date-Added = {2016-02-14 19:32:50 +0000},
	Date-Modified = {2016-02-14 19:32:50 +0000},
	Journal = {Journal of the Royal Statistical Society. Series B (Methodological)},
	Pages = {757--796},
	Publisher = {JSTOR},
	Title = {Varying-coefficient models},
	Year = {1993}}
