%% This BibTeX bibliography file was created using BibDesk.
%% http://bibdesk.sourceforge.net/


%% Created for Meilei Jiang at 2016-02-28 18:14:20 -0500 


%% Saved with string encoding Unicode (UTF-8) 



@article{kolar2014graph,
	Author = {Kolar, Mladen and Liu, Han and Xing, Eric P},
	Date-Added = {2016-02-28 17:16:03 +0000},
	Date-Modified = {2016-02-28 17:16:03 +0000},
	Journal = {The Journal of Machine Learning Research},
	Number = {1},
	Pages = {1713--1750},
	Publisher = {JMLR. org},
	Title = {Graph estimation from multi-attribute data},
	Volume = {15},
	Year = {2014}}

@article{peng2012partial,
	Author = {Peng, Jie and Wang, Pei and Zhou, Nengfeng and Zhu, Ji},
	Date-Added = {2016-02-28 17:09:33 +0000},
	Date-Modified = {2016-02-28 17:09:33 +0000},
	Journal = {Journal of the American Statistical Association},
	Publisher = {Taylor \&amp; Francis},
	Title = {Partial correlation estimation by joint sparse regression models},
	Year = {2012}}

@article{huang2002varying,
	Author = {Huang, Jianhua Z and Wu, Colin O and Zhou, Lan},
	Date-Added = {2016-02-26 01:06:30 +0000},
	Date-Modified = {2016-02-26 01:06:30 +0000},
	Journal = {Biometrika},
	Number = {1},
	Pages = {111--128},
	Publisher = {Biometrika Trust},
	Title = {Varying-coefficient models and basis function approximations for the analysis of repeated measurements},
	Volume = {89},
	Year = {2002}}

@article{qiaofunctional,
	Author = {Qiao, Xinghao and James, Gareth and Lv, Jinchi},
	Date-Added = {2016-02-25 20:14:29 +0000},
	Date-Modified = {2016-02-25 20:14:29 +0000},
	Title = {Functional Graphical Models}}

@article{james2009functional,
	Author = {James, Gareth M and Wang, Jing and Zhu, Ji},
	Date-Added = {2016-02-25 19:02:42 +0000},
	Date-Modified = {2016-02-25 19:02:42 +0000},
	Journal = {The Annals of Statistics},
	Pages = {2083--2108},
	Publisher = {JSTOR},
	Title = {Functional linear regression that's interpretable},
	Year = {2009}}

@article{cai2011constrained,
	Author = {Cai, Tony and Liu, Weidong and Luo, Xi},
	Date-Added = {2016-02-16 02:06:05 +0000},
	Date-Modified = {2016-02-28 16:45:40 +0000},
	Journal = {Journal of the American Statistical Association},
	Number = {494},
	Pages = {594--607},
	Publisher = {Taylor \&amp; Francis},
	Title = {A constrained $l_1$ minimization approach to sparse precision matrix estimation},
	Volume = {106},
	Year = {2011}}

@article{tibshirani1996regression,
	Author = {Tibshirani, Robert},
	Date-Added = {2016-02-15 02:26:54 +0000},
	Date-Modified = {2016-02-15 02:26:54 +0000},
	Journal = {Journal of the Royal Statistical Society. Series B (Methodological)},
	Pages = {267--288},
	Publisher = {JSTOR},
	Title = {Regression shrinkage and selection via the lasso},
	Year = {1996}}

@article{fan2009network,
	Author = {Fan, Jianqing and Feng, Yang and Wu, Yichao},
	Date-Added = {2016-02-14 22:53:29 +0000},
	Date-Modified = {2016-02-14 22:53:29 +0000},
	Journal = {The annals of applied statistics},
	Number = {2},
	Pages = {521},
	Publisher = {NIH Public Access},
	Title = {Network exploration via the adaptive LASSO and SCAD penalties},
	Volume = {3},
	Year = {2009}}

@book{lauritzen1996graphical,
	Author = {Lauritzen, Steffen L},
	Date-Added = {2016-02-14 22:40:53 +0000},
	Date-Modified = {2016-02-14 22:40:53 +0000},
	Publisher = {Clarendon Press},
	Title = {Graphical models},
	Year = {1996}}

@article{meinshausen2006high,
	Author = {Meinshausen, Nicolai and B{\"u}hlmann, Peter},
	Date-Added = {2016-02-14 21:15:51 +0000},
	Date-Modified = {2016-02-14 21:15:51 +0000},
	Journal = {The annals of statistics},
	Pages = {1436--1462},
	Publisher = {JSTOR},
	Title = {High-dimensional graphs and variable selection with the lasso},
	Year = {2006}}

@article{danaher2014joint,
	Author = {Danaher, Patrick and Wang, Pei and Witten, Daniela M},
	Date-Added = {2016-02-14 20:37:33 +0000},
	Date-Modified = {2016-02-14 20:37:33 +0000},
	Journal = {Journal of the Royal Statistical Society: Series B (Statistical Methodology)},
	Number = {2},
	Pages = {373--397},
	Publisher = {Wiley Online Library},
	Title = {The joint graphical lasso for inverse covariance estimation across multiple classes},
	Volume = {76},
	Year = {2014}}

@article{friedman2008sparse,
	Author = {Friedman, Jerome and Hastie, Trevor and Tibshirani, Robert},
	Date-Added = {2016-02-14 20:04:09 +0000},
	Date-Modified = {2016-02-14 20:04:09 +0000},
	Journal = {Biostatistics},
	Number = {3},
	Pages = {432--441},
	Publisher = {Biometrika Trust},
	Title = {Sparse inverse covariance estimation with the graphical lasso},
	Volume = {9},
	Year = {2008}}

@article{lu2015post,
	Author = {Lu, Junwei and Kolar, Mladen and Liu, Han},
	Date-Added = {2016-02-14 19:58:57 +0000},
	Date-Modified = {2016-02-14 19:58:57 +0000},
	Journal = {arXiv preprint arXiv:1512.08298},
	Title = {Post-regularization Inference for Dynamic Nonparanormal Graphical Models},
	Year = {2015}}

@article{kolar2011time,
	Author = {Kolar, Mladen and Xing, Eric P},
	Date-Added = {2016-02-14 19:57:22 +0000},
	Date-Modified = {2016-02-14 19:57:22 +0000},
	Title = {On time varying undirected graphs},
	Year = {2011}}

@article{zhou2010time,
	Author = {Zhou, Shuheng and Lafferty, John and Wasserman, Larry},
	Date-Added = {2016-02-14 19:52:43 +0000},
	Date-Modified = {2016-02-14 19:52:43 +0000},
	Journal = {Machine Learning},
	Number = {2-3},
	Pages = {295--319},
	Publisher = {Springer},
	Title = {Time varying undirected graphs},
	Volume = {80},
	Year = {2010}}

@article{fan2008statistical,
	Author = {Fan, Jianqing and Zhang, Wenyang},
	Date-Added = {2016-02-14 19:35:11 +0000},
	Date-Modified = {2016-02-14 19:35:11 +0000},
	Journal = {Statistics and its Interface},
	Number = {1},
	Pages = {179},
	Publisher = {NIH Public Access},
	Title = {Statistical methods with varying coefficient models},
	Volume = {1},
	Year = {2008}}

@article{fan1999statistical,
	Author = {Fan, Jianqing and Zhang, Wenyang},
	Date-Added = {2016-02-14 19:34:21 +0000},
	Date-Modified = {2016-02-14 19:34:21 +0000},
	Journal = {Annals of Statistics},
	Pages = {1491--1518},
	Publisher = {JSTOR},
	Title = {Statistical estimation in varying coefficient models},
	Year = {1999}}

@article{hastie1993varying,
	Author = {Hastie, Trevor and Tibshirani, Robert},
	Date-Added = {2016-02-14 19:32:50 +0000},
	Date-Modified = {2016-02-14 19:32:50 +0000},
	Journal = {Journal of the Royal Statistical Society. Series B (Methodological)},
	Pages = {757--796},
	Publisher = {JSTOR},
	Title = {Varying-coefficient models},
	Year = {1993}}
